<?xml version="1.0" encoding="UTF-8"?><collection xmlns="http://www.loc.gov/MARC21/slim"><record><leader>00486nam--2200169-i-4500</leader><controlfield tag="001">000031915</controlfield><controlfield tag="002">20161230</controlfield><controlfield tag="005">20161230201038</controlfield><controlfield tag="008">060222s1000------------r-----000-0-eng-d</controlfield><datafield ind1=" " ind2=" " tag="040"><subfield code="a">IFIN-HH</subfield></datafield><datafield ind1=" " ind2=" " tag="080"><subfield code="a">539.1(038)</subfield></datafield><datafield ind1="1" ind2=" " tag="100"><subfield code="a">Voskoboinik, D.I</subfield></datafield><datafield ind1="1" ind2="0" tag="245"><subfield code="a">Enhlish-russian nuclear dictionary</subfield><subfield code="b">Anglo-russkii iadernii slovari</subfield><subfield code="c">D.i. voskoboinik (ed.)</subfield></datafield><datafield ind1=" " ind2=" " tag="260"><subfield code="a">Moskva</subfield><subfield code="b">Inostrannih I Nationalnih Slovarei</subfield><subfield code="c">1960</subfield></datafield><datafield ind1=" " ind2=" " tag="300"><subfield code="a">400P</subfield></datafield><datafield ind1=" " ind2=" " tag="852"><subfield code="a">D.195</subfield></datafield><datafield ind1=" " ind2=" " tag="CAT"><subfield code="a">Sys</subfield><subfield code="c">20130306</subfield><subfield code="h">142109</subfield></datafield></record></collection>